@book{skillicorn2007,
    title={Understanding Complex Datasets: Data Mining with Matrix Decompositions},
    author={Skillicorn, D.},
    isbn={9781584888338},
    lccn={2007013096},
    series={Chapman \& Hall/CRC Data Mining and Knowledge Discovery Series},
    url={https://books.google.de/books?id=9SzLDi8jUnAC},
    year={2007},
    publisher={CRC Press}
}
