@article{Luxburg2007,
    author = {Ulrike von Luxburg},
    title = {A Tutorial on Spectral Clustering},
    journal = {CoRR},
    volume = {abs/0711.0189},
    year = {2007},
    url = {http://arxiv.org/abs/0711.0189},
    archivePrefix = {arXiv},
    eprint = {0711.0189},
    timestamp = {Wed, 07 Jun 2017 14:42:59 +0200},
    biburl = {https://dblp.org/rec/bib/journals/corr/abs-0711-0189},
    bibsource = {dblp computer science bibliography, https://dblp.org}
}

@article{Zhang2011,
    author = {Xiao-Dong Zang},
    title = "{The Laplacian eigenvalues of graphs: a survey}",
    journal = {ArXiv e-prints},
    archivePrefix = "arXiv",
    eprint = {1111.2897},
    primaryClass = "math.CO",
    keywords = {Mathematics - Combinatorics, 05C50, 15A48},
    year = 2011,
    month = nov,
    adsurl = {http://adsabs.harvard.edu/abs/2011arXiv1111.2897Z},
    adsnote = {Provided by the SAO/NASA Astrophysics Data System}
}

@misc{Weissstein2018,
    author   = {Eric W. Weissstein},
    title    = {Connected Graph. {From MathWorld---A Wolfram Web Resource}},
    url      = {\url{http://mathworld.wolfram.com/ConnectedGraph.html}},
    note     = {Last visited on 12/5/2018},
}

