@article{Radovanovic:2010,
    author = {Radovanovic, Milos and Nanopoulos, Alexandros and Ivanovic, Mirjana},
    year = {2010},
    month = {09},
    pages = {2487-2531},
    title = {Hubs in Space: Popular Nearest Neighbors in High-Dimensional Data},
    volume = {11},
    booktitle = {Journal of Machine Learning Research}
}